
@misc{mlservice,
  title={Machine Learning Services},
  Howpublished={https://azure.microsoft.com/en-us/services/machine-learning-services/},
  author={Microsoft Azure},
  Year = {2017}
}
@inproceedings{brislawn1996fbi,
  title={The FBI compression standard for digitized fingerprint images},
  author={Brislawn, Christopher M and Bradley, Jonathan N and Onyshczak, Remigius J and Hopper, Tom},
  booktitle={Proc. SPIE},
  volume={2847},
  pages={344--355},
  year={1996}
}

@article{stanton2008icao,
  title={ICAO and the biometric RFID passport: history and analysis},
  author={Stanton, Jeffrey},
  journal={Playing the identity card: Surveillance, security and identification in global perspective},
  pages={253--67},
  year={2008},
  publisher={Routledge London}
}
@misc{apt1,
        Author = {Mandiant},
        Howpublished = {http://intelreport.mandiant.com/Mandiant\_APT1\_Report.pdf},
        Month = {Feb},
        Year = {2013}}

@misc{CyberAttacks,
        Author = {New York Times},
        Howpublished = {http://www.nytimes.com/interactive/2015/02/05/technology/recent-cyberattacks.html},
        Month = {February {~5,}},
        Note = {Accessed: 2015-07-09},
        Title = {9 Recent Cyberattacks Against Big Businesses},
        Year = {2015}}

@misc{CyberAttacksOPM,
        Author = {New York Times},
        Howpublished = {http://www.nytimes.com/2015/06/05/us/breach-in-a-federal-computer-system-exposes-personnel-data.\
html},
        Month = {June {~4,}},
        Note = {Accessed: 2015-07-09},
        Title = {Hacking Linked to {C}hina Exposes Millions of {U.S.} Workers},
        Year = {2015}}


@misc{gressin2017equifax,
  title={The Equifax Data Breach: What to Do},
  author={Gressin, Seena},
  year={2017},
  publisher={Published}
}


@article{CACM:PRZB12,
  author    = {Raluca A. Popa and
               Catherine M. S. Redfield and
               Nickolai Zeldovich and
               Hari Balakrishnan},
  title     = {Crypt{DB}: processing queries on an encrypted database},
  journal   = {Commun. {ACM}},
  volume    = {55},
  number    = {9},
  pages     = {103--111},
  year      = {2012},
  url       = {http://doi.acm.org/10.1145/2330667.2330691},
  doi       = {10.1145/2330667.2330691},
  timestamp = {Fri, 07 Sep 2012 09:00:32 +0200},
  biburl    = {http://dblp.uni-trier.de/rec/bib/journals/cacm/PopaRZB12},
  bibsource = {dblp computer science bibliography, http://dblp.org}
}

@report{Powers2014,
title= {Fostering Innovation, Creating Jobs, Driving Better Decisions: The Value of Government Data},
author={Powers, Regina and Beede, David},
year={July 2014},
organization={Office of the Chief Economist, Economics and Statistics Administration, US Department of Commerce}
}

@book{Linoff:2002:MWT:560274,
 author = {Linoff, Gordon S. and Berry, Michael J.},
 title = {Mining the Web: Transforming Customer Data into Customer Value},
 year = {2002},
 isbn = {0471416096},
 publisher = {John Wiley \& Sons, Inc.},
 address = {New York, NY, USA},
}

@misc{insightdata,
  title={Big \& Fast Data: The Rise of Insight-Driven Business},
  year = {2015},
  Url={https://www.capgemini.com/resource-file-access/resource/pdf/big_fast_data_the_rise_of_insight-driven_business-rep\
ort.pdf},
  Lastchecked={October 8, 2016}
}

@Article{Mons2011,
author={Mons, Barend
and van Haagen, Herman
and Chichester, Christine
and Hoen, Peter-Bram 't
and den Dunnen, Johan T.
and van Ommen, Gertjan
and van Mulligen, Erik
and Singh, Bharat
and Hooft, Rob
and Roos, Marco
and Hammond, Joel
and Kiesel, Bruce
and Giardine, Belinda
and Velterop, Jan
and Groth, Paul
and Schultes, Erik},
title={The value of data},
journal={Nat Genet},
year={2011},
month={Apr},
publisher={Nature Publishing Group, a division of Macmillan Publishers Limited. All Rights Reserved.},
volume={43},
number={4},
pages={281-283},
issn={1061-4036},
doi={10.1038/ng0411-281},
url={http://dx.doi.org/10.1038/ng0411-281}
}




@article{chase2015substring,
  title={Substring-searchable symmetric encryption},
  author={Chase, Melissa and Shen, Emily},
  journal={Proceedings on Privacy Enhancing Technologies},
  volume={2015},
  number={2},
  pages={263--281},
  year={2015}
}

@article{mccreight1976space,
  title={A space-economical suffix tree construction algorithm},
  author={McCreight, Edward M},
  journal={Journal of the ACM (JACM)},
  volume={23},
  number={2},
  pages={262--272},
  year={1976},
  publisher={ACM}
}

@inproceedings{charikar2002similarity,
  title={Similarity estimation techniques from rounding algorithms},
  author={Charikar, Moses S},
  booktitle={Proceedings of the thiry-fourth annual ACM symposium on Theory of computing},
  pages={380--388},
  year={2002},
  organization={ACM}
}


@article{wold1987principal,
  title={Principal component analysis},
  author={Wold, Svante and Esbensen, Kim and Geladi, Paul},
  journal={Chemometrics and intelligent laboratory systems},
  volume={2},
  number={1-3},
  pages={37--52},
  year={1987},
  publisher={Elsevier}
}

@article{daugman2014600,
  title={600 million citizens of India are now enrolled with biometric id,‚Äù},
  author={Daugman, John},
  journal={SPIE newsroom},
  volume={7},
  year={2014}
}

@misc{spar_baa,
  author={IARPA},
  title={Broad agency announcement {IARPA-BAA-11-01}: Security and privacy assurance research ({SPAR}) program.},
  url={https://www.fbo.gov/notices/c55e38dbde30cb668f687897d8f01e69},
  year={2011},
  month={February}
}

@inproceedings{kuzu2012efficient,
  title={Efficient similarity search over encrypted data},
  author={Kuzu, Mehmet and Islam, Mohammad Saiful and Kantarcioglu, Murat},
  booktitle={2012 IEEE 28th International Conference on Data Engineering},
  pages={1156--1167},
  year={2012},
  organization={IEEE}
}

@article{bringer2011identification,
  title={Identification with encrypted biometric data},
  author={Bringer, Julien and Chabanne, Herv{\'e} and Kindarji, Bruno},
  journal={Security and Communication Networks},
  volume={4},
  number={5},
  pages={548--562},
  year={2011},
  publisher={Wiley Online Library}
}

@inproceedings{bringer2009error,
  title={Error-tolerant searchable encryption},
  author={Bringer, Julien and Chabanne, Herv{\'e} and Kindarji, Bruno},
  booktitle={2009 IEEE International Conference on Communications},
  pages={1--6},
  year={2009},
  organization={IEEE}
}

@article{slaney2008locality,
  title={Locality-sensitive hashing for finding nearest neighbors},
  author={Slaney, Malcolm and Casey, Michael},
  journal={IEEE Signal Processing Magazine},
  volume={25},
  number={2},
  pages={128--131},
  year={2008},
  publisher={IEEE}
}

@inproceedings{datar2004locality,
  title={Locality-sensitive hashing scheme based on p-stable distributions},
  author={Datar, Mayur and Immorlica, Nicole and Indyk, Piotr and Mirrokni, Vahab S},
  booktitle={Proceedings of the twentieth annual symposium on Computational geometry},
  pages={253--262},
  year={2004},
  organization={ACM}
}

@inproceedings{li2010fuzzy,
  title={Fuzzy keyword search over encrypted data in cloud computing},
  author={Li, Jin and Wang, Qian and Wang, Cong and Cao, Ning and Ren, Kui and Lou, Wenjing},
  booktitle={INFOCOM, 2010 Proceedings IEEE},
  pages={1--5},
  year={2010},
  organization={IEEE}
}

@article{wang2013efficient,
  title={Efficient verifiable fuzzy keyword search over encrypted data in cloud computing.},
  author={Wang, Jianfeng and Ma, Hua and Tang, Qiang and Li, Jin and Zhu, Hui and Ma, Siqi and Chen, Xiaofeng},
  journal={Comput. Sci. Inf. Syst.},
  volume={10},
  number={2},
  pages={667--684},
  year={2013}
}

@article{curtmola2011searchable,
  title={Searchable symmetric encryption: improved definitions and efficient constructions},
  author={Curtmola, Reza and Garay, Juan and Kamara, Seny and Ostrovsky, Rafail},
  journal={Journal of Computer Security},
  volume={19},
  number={5},
  pages={895--934},
  year={2011},
  publisher={IOS Press}
}

@incollection{canetti2008obfuscating,
  title={Obfuscating point functions with multibit output},
  author={Canetti, Ran and Dakdouk, Ronny Ramzi},
  booktitle={Advances in Cryptology--EUROCRYPT 2008},
  pages={489--508},
  year={2008},
  publisher={Springer}
}

@inproceedings{hsiao2007conditional,
  title={Conditional computational entropy, or toward separating pseudoentropy from compressibility},
  author={Hsiao, Chun-Yuan and Lu, Chi-Jen and Reyzin, Leonid},
  booktitle={Annual International Conference on the Theory and Applications of Cryptographic Techniques},
  pages={169--186},
  year={2007},
  organization={Springer}
}

@article{haastad1999pseudorandom,
  title={A pseudorandom generator from any one-way function},
  author={H{\aa}stad, Johan and Impagliazzo, Russell and Levin, Leonid A and Luby, Michael},
  journal={SIAM Journal on Computing},
  volume={28},
  number={4},
  pages={1364--1396},
  year={1999},
  publisher={SIAM}
}


@article{ldpc,
  author    = {Thomas J. Richardson and
               R{\"{u}}diger L. Urbanke},
  title     = {Efficient encoding of low-density parity-check codes},
  journal   = {{IEEE} Trans. Information Theory},
  volume    = {47},
  number    = {2},
  pages     = {638--656},
  year      = {2001},

}


@Misc{HCE,
  Title                    = {Host-based Card Emulation},
  HowPublished             = {https://developer.android.com/guide/topics/connectivity/nfc/hce.html}
}

@Misc{threat,
  Title                    = {Device Fingerprinting and Fraud Protection.},
  HowPublished             = {Device-Fingerprinting-and-Online-Fraud-Protection-Whitepaper.pdf}
}




@Inbook{HLR07,
author="Hsiao, Chun-Yuan
and Lu, Chi-Jen
and Reyzin, Leonid",
editor="Naor, Moni",
title="Conditional Computational Entropy, or Toward Separating Pseudoentropy from Compressibility",
bookTitle="Advances in Cryptology - EUROCRYPT 2007: 26th Annual International Conference on the Theory and Applications of Cryptographic Techniques, Barcelona, Spain, May 20-24, 2007. Proceedings",
year="2007",
publisher="Springer Berlin Heidelberg",
address="Berlin, Heidelberg",
pages="169--186",
isbn="978-3-540-72540-4",
doi="10.1007/978-3-540-72540-4_10",
url="http://dx.doi.org/10.1007/978-3-540-72540-4_10"
}



@article{RvD12,
author = {Ulrich Ruhrmair and Marten van Dijk},
title = {PUFs in Security Protocols: Attack Models and Security Evaluations},
journal = {2012 IEEE Symposium on Security and Privacy},
issn = {1081-6011},
year = {2013},
pages = {286-300},
doi = {doi.ieeecomputersociety.org/10.1109/SP.2013.27},
publisher = {IEEE Computer Society},

}

@article{PPJ03,
  author    = {Salil Prabhakar and
               Sharath Pankanti and
               Anil K. Jain},
  title     = {Biometric Recognition: Security and Privacy Concerns},
  journal   = {{IEEE} Security {\&} Privacy},
  volume    = {1},
  number    = {2},
  pages     = {33--42},
  year      = {2003},
  url       = {http://dx.doi.org/10.1109/MSECP.2003.1193209},
  doi       = {10.1109/MSECP.2003.1193209},
  timestamp = {Wed, 09 Mar 2016 14:51:02 +0100},
  biburl    = {http://dblp.uni-trier.de/rec/bib/journals/ieeesp/PrabhakarPJ03},
  bibsource = {dblp computer science bibliography, http://dblp.org}
}

@inproceedings{RSS10,
 author = {R\"{u}hrmair, Ulrich and Sehnke, Frank and S\"{o}lter, Jan and Dror, Gideon and Devadas, Srinivas and Schmidhuber, J\"{u}rgen},
 title = {Modeling Attacks on Physical Unclonable Functions},
 booktitle = {Proceedings of the 17th ACM Conference on Computer and Communications Security},
 series = {CCS '10},
 year = {2010},
 isbn = {978-1-4503-0245-6},
 location = {Chicago, Illinois, USA},
 pages = {237--249},
 numpages = {13},
 url = {http://doi.acm.org/10.1145/1866307.1866335},
 doi = {10.1145/1866307.1866335},
 acmid = {1866335},
 publisher = {ACM},
 address = {New York, NY, USA},
 keywords = {cryptanalysis, machine learning, physical cryptography, physical unclonable functions},
}


@inproceedings{Eck10,
  author    = {Peter Eckersley},
  title     = {How Unique Is Your Web Browser?},
  booktitle = {Privacy Enhancing Technologies, 10th International Symposium, {PETS} 2010, Berlin, Germany, July 21-23, 2010. Proceedings},
  pages     = {1--18},
  year      = {2010},
  url       = {http://dx.doi.org/10.1007/978-3-642-14527-8_1},
  doi       = {10.1007/978-3-642-14527-8_1},
  timestamp = {Thu, 08 Jul 2010 09:31:32 +0200},
  biburl    = {http://dblp.uni-trier.de/rec/bib/conf/pet/Eckersley10},
  bibsource = {dblp computer science bibliography, http://dblp.org}
}




@inproceedings{BFGI12,
 author = {Boda, K\'{a}roly and F\"{o}ldes, \'{A}d\'{a}m M\'{a}t{\'e} and Guly\'{a}s, G\'{a}bor Gy\"{o}rgy and Imre, S\'{a}ndor},
 title = {User Tracking on the Web via Cross-browser Fingerprinting},
 booktitle = {Proceedings of the 16th Nordic Conference on Information Security Technology for Applications},
 series = {NordSec'11},
 year = {2012},
 isbn = {978-3-642-29614-7},
 location = {Tallinn, Estonia},
 pages = {31--46},
 numpages = {16},
 url = {http://dx.doi.org/10.1007/978-3-642-29615-4_4},
 doi = {10.1007/978-3-642-29615-4_4},
 acmid = {2341497},
 publisher = {Springer-Verlag},
 address = {Berlin, Heidelberg},
keywords = {profiling, user identification, user tracking, web privacy},
}

@InProceedings{MS12,
  author =       {Keaton Mowery and Hovav Shacham},
  title =        {Pixel Perfect: Fingerprinting Canvas in {HTML5}},
  booktitle =    {Proceedings of W2SP 2012},
  year =         2012,
  editor =       {Matt Fredrikson},
  month =        may,
  organization = {IEEE Computer Society}
}



@inproceedings{NKJK13,
 author = {Nikiforakis, Nick and Kapravelos, Alexandros and Joosen, Wouter and Kruegel, Christopher and Piessens, Frank and Vigna, Giovanni},
 title = {Cookieless Monster: Exploring the Ecosystem of Web-Based Device Fingerprinting},
 booktitle = {Proceedings of the 2013 IEEE Symposium on Security and Privacy},
 series = {SP '13},
 year = {2013},
 isbn = {978-0-7695-4977-4},
 pages = {541--555},
 numpages = {15},
 url = {http://dx.doi.org/10.1109/SP.2013.43},
 doi = {10.1109/SP.2013.43},
 acmid = {2498133},
 publisher = {IEEE Computer Society},
 address = {Washington, DC, USA},
 keywords = {fingerprinting, device identification, browser extensions},
}


@inproceedings{AEEJ14,
 author = {Acar, Gunes and Eubank, Christian and Englehardt, Steven and Juarez, Marc and Narayanan, Arvind and Diaz, Claudia},
 title = {The Web Never Forgets: Persistent Tracking Mechanisms in the Wild},
 booktitle = {Proceedings of the 2014 ACM SIGSAC Conference on Computer and Communications Security},
 series = {CCS '14},
 year = {2014},
 isbn = {978-1-4503-2957-6},
 location = {Scottsdale, Arizona, USA},
 pages = {674--689},
 numpages = {16},
 url = {http://doi.acm.org/10.1145/2660267.2660347},
 doi = {10.1145/2660267.2660347},
 acmid = {2660347},
 publisher = {ACM},
 address = {New York, NY, USA},
 keywords = {browser fingerprinting, canvas fingerprinting, cookie syncing, evercookie, javascript, flash, privacy, tracking, web security},
}

@online{DeviceId,
author = {Google},
title = {Android Developer Reference, TelephonyManager, getDeviceId()},
year = {},
url = {https://developer.android.com/reference/android/telephony/TelephonyManager.html},
}

@article {PRTG02,
	author = {Pappu, Ravikanth and Recht, Ben and Taylor, Jason and Gershenfeld, Neil},
	title = {Physical One-Way Functions},
	volume = {297},
	number = {5589},
	pages = {2026--2030},
	year = {2002},
	doi = {10.1126/science.1074376},
	publisher = {American Association for the Advancement of Science},
	abstract = {Modern cryptographic practice rests on the use of one-way functions, which are easy to evaluate but difficult to invert. Unfortunately, commonly used one-way functions are either based on unproven conjectures or have known vulnerabilities. We show that instead of relying on number theory, the mesoscopic physics of coherent transport through a disordered medium can be used to allocate and authenticate unique identifiers by physically reducing the medium{\textquoteright}s microstructure to a fixed-length string of binary digits. These physical one-way functions are inexpensive to fabricate, prohibitively difficult to duplicate, admit no compact mathematical representation, and are intrinsically tamper-resistant. We provide an authentication protocol based on the enormous address space that is a principal characteristic of physical one-way functions.},
	issn = {0036-8075},
	URL = {http://science.sciencemag.org/content/297/5589/2026},
	eprint = {http://science.sciencemag.org/content/297/5589/2026.full.pdf},
	journal = {Science}
}





@article{BBR88,
author = {Charles H. Bennett and Gilles Brassard and Jean-Marc Robert},
title = {Privacy Amplification by Public Discussion},
journal = {SIAM Journal on Computing},
volume = {17},
number = {2},
pages = {210-229},
year = {1988},
doi = {10.1137/0217014},

URL = { 
        http://dx.doi.org/10.1137/0217014
    
},
eprint = { 
        http://dx.doi.org/10.1137/0217014
    
}
}


@ARTICLE{Dau02,
    author = {John Daugman},
    title = {How Iris Recognition Works},
    journal = {IEEE Transactions on Circuits and Systems for Video Technology},
    year = {2002},
    volume = {14},
    pages = {21--30}
}



@inproceedings{FJ01,
 author = {Frykholm, Niklas and Juels, Ari},
 title = {Error-tolerant Password Recovery},
 booktitle = {Proceedings of the 8th ACM Conference on Computer and Communications Security},
 series = {CCS '01},
 year = {2001},
 isbn = {1-58113-385-5},
 location = {Philadelphia, PA, USA},
 pages = {1--9},
 numpages = {9},
 url = {http://doi.acm.org/10.1145/501983.501985},
 doi = {10.1145/501983.501985},
 acmid = {501985},
 publisher = {ACM},
 address = {New York, NY, USA},
 keywords = {Reed-Solomon codes, error-correcting codes, fault-tolerance, fuzzy commitment, password ensembles, password recovery},
}

@ARTICLE{UPPJ04, 
author={U. Uludag and S. Pankanti and S. Prabhakar and A. K. Jain}, 
journal={Proceedings of the IEEE}, 
title={Biometric cryptosystems: issues and challenges}, 
year={2004}, 
volume={92}, 
number={6}, 
pages={948-960}, 
keywords={authorisation;biometrics (access control);cryptography;feature extraction;fingerprint identification;pattern matching;biometric authentication;biometric cryptosystems;biometric key binding algorithm;biometric key generation algorithm;biometric template;cryptographic key;digital rights management systems;feature extraction;feature matching;fingerprint biometric;nonrepudiation;secret keys;user authentication;Authentication;Biometrics;Computer science;Cryptography;Databases;Entropy;Feature extraction;Fingerprint recognition;Privacy;Security;Authentication;biometrics;confidentiality;cryptography;entropy;fingerprints;invariance;key binding;key generation;key release;multibiometrics;privacy;secrecy;security}, 
doi={10.1109/JPROC.2004.827372}, 
ISSN={0018-9219}, 
month={June},}


@article{RU11,
  author    = {Christian Rathgeb and
               Andreas Uhl},
  title     = {A survey on biometric cryptosystems and cancelable biometrics},
  journal   = {{EURASIP} J. Information Security},
  volume    = {2011},
  pages     = {3},
  year      = {2011},
  url       = {http://dx.doi.org/10.1186/1687-417X-2011-3},
  doi       = {10.1186/1687-417X-2011-3},
  timestamp = {Tue, 13 Mar 2012 15:44:02 +0100},
  biburl    = {http://dblp.uni-trier.de/rec/bib/journals/ejisec/RathgebU11},
  bibsource = {dblp computer science bibliography, http://dblp.org}
}


@ARTICLE{LFG06, 
author={J. Lukas and J. Fridrich and M. Goljan}, 
journal={IEEE Transactions on Information Forensics and Security}, 
title={Digital camera identification from sensor pattern noise}, 
year={2006}, 
volume={1}, 
number={2}, 
pages={205-214}, 
keywords={cameras;data compression;filtering theory;image coding;image denoising;image sensors;watermarking;JPEG compression;denoising filter;digital camera identification;false alarm rates;false rejection rates;gamma correction;image processing;sensor pattern noise;spread-spectrum watermark;Detectors;Digital cameras;Error analysis;Filters;Fingerprint recognition;Image processing;Image sensors;Noise reduction;Spread spectrum communication;Watermarking;Digital forensic;fixed pattern noise;pattern noise;pixel nonuniformity;sensor identification}, 
doi={10.1109/TIFS.2006.873602}, 
ISSN={1556-6013}, 
month={June},}

@article{CFGL08,
  title={Determining image origin and integrity using sensor noise},
  author={Chen, Mo and Fridrich, Jessica and Goljan, Miroslav and Luk{\'a}s, Jan},
  journal={IEEE Transactions on Information Forensics and Security},
  volume={3},
  number={1},
  pages={74--90},
  year={2008},
  publisher={IEEE}
}

@inproceedings{boldyreva2014efficient,
  title={Efficient fuzzy search on encrypted data},
  author={Boldyreva, Alexandra and Chenette, Nathan},
  booktitle={International Workshop on Fast Software Encryption},
  pages={613--633},
  year={2014},
  organization={Springer}
}

@inproceedings{meng2015grecs,
  title={GRECS: graph encryption for approximate shortest distance queries},
  author={Meng, Xianrui and Kamara, Seny and Nissim, Kobbi and Kollios, George},
  booktitle={Proceedings of the 22nd ACM SIGSAC Conference on Computer and Communications Security},
  pages={504--517},
  year={2015},
  organization={ACM}
}

@inproceedings{ZDLZ14,
 author = {Zhou, Zhe and Diao, Wenrui and Liu, Xiangyu and Zhang, Kehuan},
 title = {Acoustic Fingerprinting Revisited: Generate Stable Device ID Stealthily with Inaudible Sound},
 booktitle = {Proceedings of the 2014 ACM SIGSAC Conference on Computer and Communications Security},
 series = {CCS '14},
 year = {2014},
 isbn = {978-1-4503-2957-6},
 location = {Scottsdale, Arizona, USA},
 pages = {429--440},
 numpages = {12},
 url = {http://doi.acm.org/10.1145/2660267.2660300},
 doi = {10.1145/2660267.2660300},
 acmid = {2660300},
 publisher = {ACM},
}

@article{galbally2013iris,
  title={Iris image reconstruction from binary templates: An efficient probabilistic approach based on genetic algorithms},
  author={Galbally, Javier and Ross, Arun and Gomez-Barrero, Marta and Fierrez, Julian and Ortega-Garcia, Javier},
  journal={Computer Vision and Image Understanding},
  volume={117},
  number={10},
  pages={1512--1525},
  year={2013},
  publisher={Elsevier}
}

@article{BMNB14,
  title={Mobile device identification via sensor fingerprinting},
  author={Bojinov, Hristo and Michalevsky, Yan and Nakibly, Gabi and Boneh, Dan},
  journal={arXiv preprint arXiv:1408.1416},
  year={2014}
}

@inproceedings{DBC14,
 author = {Das, Anupam and Borisov, Nikita and Caesar, Matthew},
 title = {Do You Hear What I Hear?: Fingerprinting Smart Devices Through Embedded Acoustic Components},
 booktitle = {Proceedings of the 2014 ACM SIGSAC Conference on Computer and Communications Security},
 series = {CCS '14},
 year = {2014},
 isbn = {978-1-4503-2957-6},
 location = {Scottsdale, Arizona, USA},
 pages = {441--452},
 numpages = {12},
 url = {http://doi.acm.org/10.1145/2660267.2660325},
 doi = {10.1145/2660267.2660325},
 acmid = {2660325},
}


@article{SSMM14,
 author = {Seneviratne, Suranga and Seneviratne, Aruna and Mohapatra, Prasant and Mahanti, Anirban},
 title = {Predicting User Traits from a Snapshot of Apps Installed on a Smartphone},
 journal = {SIGMOBILE Mob. Comput. Commun. Rev.},
 issue_date = {April 2014},
 volume = {18},
 number = {2},
 month = jun,
 year = {2014},
 issn = {1559-1662},
 pages = {1--8},
 numpages = {8},
 url = {http://doi.acm.org/10.1145/2636242.2636244},
 doi = {10.1145/2636242.2636244},
 acmid = {2636244},

}


@inproceedings{AAC15,
 author = {Achara, Jagdish Prasad and Acs, Gergely and Castelluccia, Claude},
 title = {On the Unicity of Smartphone Applications},
 booktitle = {Proceedings of the 14th ACM Workshop on Privacy in the Electronic Society},
 series = {WPES '15},
 year = {2015},
 isbn = {978-1-4503-3820-2},
 location = {Denver, Colorado, USA},
 pages = {27--36},
 numpages = {10},
 url = {http://doi.acm.org/10.1145/2808138.2808146},
 doi = {10.1145/2808138.2808146},
 acmid = {2808146},
 publisher = {ACM},
}



@article{KGB16,
  title={Fingerprinting Mobile Devices Using Personalized Configurations},
  author={Kurtz, Andreas and Gascon, Hugo and Becker, Tobias and Rieck, Konrad and Freiling, Felix},
  journal={Proceedings on Privacy Enhancing Technologies},
  volume={2016},
  number={1},
  pages={4--19},
  year={2016}
}

@inproceedings{JW99,
 author = {Juels, Ari and Wattenberg, Martin},
 title = {A Fuzzy Commitment Scheme},
 booktitle = {Proceedings of the 6th ACM Conference on Computer and Communications Security},
 series = {CCS '99},
 year = {1999},
 isbn = {1-58113-148-8},
  pages = {28--36},
 numpages = {9},
 url = {http://doi.acm.org/10.1145/319709.319714},
 doi = {10.1145/319709.319714},
 acmid = {319714},
 publisher = {ACM},
}


@article{JS06,
 author = {Juels, Ari and Sudan, Madhu},
 title = {A Fuzzy Vault Scheme},
 journal = {Des. Codes Cryptography},
 issue_date = {February  2006},
 volume = {38},
 number = {2},
 month = feb,
 year = {2006},
 issn = {0925-1022},
 pages = {237--257},
 numpages = {21},
 url = {http://dx.doi.org/10.1007/s10623-005-6343-z},
 doi = {10.1007/s10623-005-6343-z},
 acmid = {1110956},
 publisher = {Kluwer Academic Publishers},
}


@ARTICLE{NJP07, 
author={K. Nandakumar and A. K. Jain and S. Pankanti}, 
journal={IEEE Transactions on Information Forensics and Security}, 
title={Fingerprint-Based Fuzzy Vault: Implementation and Performance}, 
year={2007}, 
volume={2}, 
number={4}, 
pages={744-757}, 
keywords={cryptography;fingerprint identification;biometric authentication;biometric cryptosystem;cryptography;fingerprint databases;fingerprint-based fuzzy vault;information security mechanisms;nonlinear distortion;Authentication;Biometrics;Cryptography;Data mining;Databases;Fingerprint recognition;Information security;Maintenance;Protection;Smart cards;Biometric cryptosystems;fingerprint alignment;fuzzy vault;helper data;minutiae;minutiae mosaicing;polynomial reconstruction}, 
doi={10.1109/TIFS.2007.908165}, 
ISSN={1556-6013}, 
month={Dec},}


@article{JNN08,
 author = {Jain, Anil K. and Nandakumar, Karthik and Nagar, Abhishek},
 title = {Biometric Template Security},
 journal = {EURASIP J. Adv. Signal Process},
 issue_date = {January 2008},
 volume = {2008},
 month = jan,
 year = {2008},
 issn = {1110-8657},
 pages = {113:1--113:17},
 articleno = {113},
 numpages = {17},
 url = {http://dx.doi.org/10.1155/2008/579416},
 doi = {10.1155/2008/579416},
 acmid = {1387883},
 publisher = {Hindawi Publishing Corp.},
}


@article{JTGT16,
  title={Biometric cryptosystems: A new biometric key binding and its implementation for fingerprint minutiae-based representation},
  author={Jin, Zhe and Teoh, Andrew Beng Jin and Goi, Bok-Min and Tay, Yong-Haur},
  journal={Pattern Recognition},
  volume={56},
  pages={50--62},
  year={2016},
  publisher={Elsevier}
}


@incollection{DRS04,
year={2004},
isbn={978-3-540-21935-4},
booktitle={Advances in Cryptology - EUROCRYPT 2004},
volume={3027},
series={Lecture Notes in Computer Science},
title={Fuzzy Extractors: How to Generate Strong Keys from Biometrics and Other Noisy Data},
publisher={Springer Berlin Heidelberg},
author={Dodis, Yevgeniy and Reyzin, Leonid and Smith, Adam},
pages={523-540},
language={English}
}


@Inbook{DKRS06,
author="Dodis, Yevgeniy
and Katz, Jonathan
and Reyzin, Leonid
and Smith, Adam",
editor="Dwork, Cynthia",
chapter="Robust Fuzzy Extractors and Authenticated Key Agreement from Close Secrets",
title="Advances in Cryptology - CRYPTO 2006: 26th Annual International Cryptology Conference, Santa Barbara, California, USA, August 20-24, 2006. Proceedings",
year="2006",
publisher="Springer Berlin Heidelberg",
address="Berlin, Heidelberg",
pages="232--250",
isbn="978-3-540-37433-6",
doi="10.1007/11818175_14",
url="http://dx.doi.org/10.1007/11818175_14"
}



@article{DORS08,
 author = {Dodis, Yevgeniy and Ostrovsky, Rafail and Reyzin, Leonid and Smith, Adam},
 title = {Fuzzy Extractors: How to Generate Strong Keys from Biometrics and Other Noisy Data},
 journal = {SIAM J. Comput.},
 issue_date = {March 2008},
 volume = {38},
 number = {1},
 month = mar,
 year = {2008},
 issn = {0097-5397},
 pages = {97--139},
 numpages = {43},
 url = {http://dx.doi.org/10.1137/060651380},
 doi = {10.1137/060651380},
 acmid = {1405005},
 publisher = {Society for Industrial and Applied Mathematics},
 }

@inproceedings{Boy04,
 author = {Boyen, Xavier},
 title = {Reusable Cryptographic Fuzzy Extractors},
 booktitle = {Proceedings of the 11th ACM Conference on Computer and Communications Security},
 series = {CCS '04},
 year = {2004},
 isbn = {1-58113-961-6},
 pages = {82--91},
 numpages = {10},
 url = {http://doi.acm.org/10.1145/1030083.1030096},
 doi = {10.1145/1030083.1030096},
 acmid = {1030096},
 publisher = {ACM},
 
}

@Inbook{BDK05,
author="Boyen, Xavier
and Dodis, Yevgeniy
and Katz, Jonathan
and Ostrovsky, Rafail
and Smith, Adam",
editor="Cramer, Ronald",
title="Secure Remote Authentication Using Biometric Data",
bookTitle="Advances in Cryptology -- EUROCRYPT 2005: 24th Annual International Conference on the Theory and Applications of Cryptographic Techniques, Aarhus, Denmark, May 22-26, 2005. Proceedings",
year="2005",
publisher="Springer Berlin Heidelberg",
address="Berlin, Heidelberg",
pages="147--163",
isbn="978-3-540-32055-5",
doi="10.1007/11426639_9",
url="http://dx.doi.org/10.1007/11426639_9"
}


@Inbook{CDF08,
author="Cramer, Ronald
and Dodis, Yevgeniy
and Fehr, Serge
and Padr{\'o}, Carles
and Wichs, Daniel",
editor="Smart, Nigel",
title="Detection of Algebraic Manipulation with Applications to Robust Secret Sharing and Fuzzy Extractors",
bookTitle="Advances in Cryptology -- EUROCRYPT 2008: 27th Annual International Conference on the Theory and Applications of Cryptographic Techniques, Istanbul, Turkey, April 13-17, 2008. Proceedings",
year="2008",
publisher="Springer Berlin Heidelberg",
address="Berlin, Heidelberg",
pages="471--488",
isbn="978-3-540-78967-3",
doi="10.1007/978-3-540-78967-3_27",
url="http://dx.doi.org/10.1007/978-3-540-78967-3_27"
}

@MISC{survey08,
    author = {Yevgeniy Dodis and Leonid Reyzin and Adam Smith},
    title = {Fuzzy Extractors -- A Brief Survey of Results from 2004 to 2006},
    year = {2008}
}



@INPROCEEDINGS{STP09, 
author={K. Simoens and P. Tuyls and B. Preneel}, 
booktitle={2009 30th IEEE Symposium on Security and Privacy}, 
title={Privacy Weaknesses in Biometric Sketches}, 
pages={188-203}, 
keywords={biometrics (access control);cryptography;data privacy;document handling;error correction codes;fuzzy set theory;biometric encryption systems;biometric sketches;biometric template data;biometrically encrypted documents;bit-permutation sketches;code-offset sketches;error-correcting codes;fuzzy sketches;privacy weaknesses;Authentication;Bioinformatics;Biometrics;Cryptography;Data mining;Error correction codes;Privacy;Protection;Security;Turbines}, 
doi={10.1109/SP.2009.24}, 
ISSN={1081-6011}, 
}


@article{BA12,
  author    = {Marina Blanton and
               Mehrdad Aliasgari},
  title     = {On the (Non-)Reusability of Fuzzy Sketches and Extractors and Security
               Improvements in the Computational Setting},
  journal   = {{IACR} Cryptology ePrint Archive},
  volume    = {2012},
  pages     = {608},
  year      = {2012},
  url       = {http://eprint.iacr.org/2012/608},
  timestamp = {Tue, 08 Jan 2013 12:11:43 +0100},
  biburl    = {http://dblp.uni-trier.de/rec/bib/journals/iacr/BlantonA12},
  bibsource = {dblp computer science bibliography, http://dblp.org}
}



@article{BA13,
  author    = {Marina Blanton and
               Mehrdad Aliasgari},
  title     = {Analysis of Reusability of Secure Sketches and Fuzzy Extractors},
  journal   = {{IEEE} Trans. Information Forensics and Security},
  volume    = {8},
  number    = {9},
  pages     = {1433--1445},
  year      = {2013},
  url       = {http://dx.doi.org/10.1109/TIFS.2013.2272786},
  doi       = {10.1109/TIFS.2013.2272786},
  timestamp = {Wed, 09 Mar 2016 14:43:42 +0100},
  biburl    = {http://dblp.uni-trier.de/rec/bib/journals/tifs/BlantonA13},
  bibsource = {dblp computer science bibliography, http://dblp.org}
}

@article{DKK12,
  author    = {Yevgeniy Dodis and
               Bhavana Kanukurthi and
               Jonathan Katz and
               Leonid Reyzin and
               Adam D. Smith},
  title     = {Robust Fuzzy Extractors and Authenticated Key Agreement From Close
               Secrets},
  journal   = {{IEEE} Trans. Information Theory},
  volume    = {58},
  number    = {9},
  pages     = {6207--6222},
  year      = {2012},
  url       = {http://dx.doi.org/10.1109/TIT.2012.2200290},
  doi       = {10.1109/TIT.2012.2200290},
  timestamp = {Fri, 08 Apr 2016 01:00:00 +0200},
  biburl    = {http://dblp.uni-trier.de/rec/bib/journals/tit/DodisKKRS12},
  bibsource = {dblp computer science bibliography, http://dblp.org}
}



@inproceedings{bellare1993random,
  title={Random oracles are practical: A paradigm for designing efficient protocols},
  author={Bellare, Mihir and Rogaway, Phillip},
  booktitle={Proceedings of the 1st ACM conference on Computer and communications security},
  pages={62--73},
  year={1993},
  organization={ACM}
}

@inproceedings{lynn2004positive,
  title={Positive results and techniques for obfuscation},
  author={Lynn, Benjamin and Prabhakaran, Manoj and Sahai, Amit},
  booktitle={Advances in Cryptology--EUROCRYPT 2004},
  pages={20--39},
  year={2004},
  organization={Springer}
}

@incollection{bitansky2010strong,
  title={On strong simulation and composable point obfuscation},
  author={Bitansky, Nir and Canetti, Ran},
  booktitle={Advances in Cryptology--CRYPTO 2010},
  pages={520--537},
  year={2010},
  publisher={Springer}
}

@article{JNR16,
  title={50 years of biometric research: Accomplishments, challenges, and opportunities},
  author={Jain, Anil K and Nandakumar, Karthik and Ross, Arun},
  journal={Pattern Recognition Letters},
  year={2016},
  publisher={Elsevier}
}

@article{URJ04,
  title={Biometric template selection and update: a case study in fingerprints},
  author={Uludag, Umut and Ross, Arun and Jain, Anil},
  journal={Pattern Recognition},
  volume={37},
  number={7},
  pages={1533--1542},
  year={2004},
  publisher={Elsevier}
}


@inproceedings{BDJR97,
 author = {Bellare, Mihir and Desai, Anand and Jokipii, Eron and Rogaway, Phillip},
 title = {A Concrete Security Treatment of Symmetric Encryption},
 booktitle = {Proceedings of the 38th Annual Symposium on Foundations of Computer Science},
 series = {FOCS '97},
 year = {1997},
 isbn = {0-8186-8197-7},
 pages = {394--},
 url = {http://dl.acm.org/citation.cfm?id=795663.796360},
 acmid = {796360},
 publisher = {IEEE Computer Society},
 address = {Washington, DC, USA},
}
 
@misc{freq,
  title = {Most Common First Names and Last Names in the U.S.},
  howpublished = {\url{http://names.mongabay.com/}},
}

@InProceedings{NDSS:ACMR17,
  author = {Adam J. Aviv and
          Seung Geol Choi and 
           Travis Mayberry and Daniel S. Roche },
  title = {ObliviSync: Practical Oblivious File Backup and Synchronization},
 editor =       ndss17ed,
  booktitle =    ndss17name,
  address =      ndss17addr,
  month =        ndss17month,
  publisher =    ndsspub_v2,
  year =         2017,
}

@InProceedings{CCS:RACM17,
  author =  { Daniel S. Roche and 
    Adam J. Aviv and
    Seung Geol Choi and 
    Travis Mayberry},
  title = {Deterministic, Stash-Free Write-Only ORAM},
  editor =       ccs17ed,
  booktitle =    ccs17name,
  address =      ccs17addr,
  month =        ccs17month,
  publisher =    ccspub,
  pages={507--521},
  year =         2017,
}


