@INPROCEEDINGS{GR07,
  author = {Mark Giesbrecht and Daniel S. Roche},
  title = {Interpolation of Shifted-Lacunary Polynomials [Extended Abstract]},
  booktitle = {Proc. Mathematical Aspects of Computer and Information Sciences (MACIS)
	2007},
  year = {2007},
}

@INPROCEEDINGS{Roc08,
  author = {Daniel S. Roche},
  title = {Adaptive Polynomial Multiplication},
  booktitle = {Proc. Milestones in Computer Algebra (MICA)},
  year = {2008},
  pages = {65--72},
}

@INPROCEEDINGS{Roc09,
  author = {Roche, Daniel S.},
  title = {Space- and time-efficient polynomial multiplication},
  booktitle = {ISSAC '09: Proceedings of the 2009 international symposium on Symbolic
	and algebraic computation},
  year = {2009},
  pages = {295--302},
  address = {New York, NY, USA},
  publisher = {ACM},
  doi = {10.1145/1576702.1576743},
  location = {Seoul, Republic of Korea},
}

@ARTICLE{Roc11,
  author = {Daniel S. Roche},
  title = {Chunky and equal-spaced polynomial multiplication},
  journal = {Journal of Symbolic Computation},
  year = {2011},
  volume = {46},
  pages = {791--806},
  number = {7},
  month = jul,
  doi = {10.1016/j.jsc.2010.08.013},
  timestamp = {2010.10.20}
}

@PHDTHESIS{Roc11a,
  author = {Daniel Steven Roche},
  title = {Efficient Computation with Sparse and Dense Polynomials},
  school = {University of Waterloo},
  year = {2011},
  url = {http://hdl.handle.net/10012/5869}
}

@INPROCEEDINGS{GR08,
  author = {Giesbrecht, Mark and Roche, Daniel S.},
  title = {On lacunary polynomial perfect powers},
  booktitle = {ISSAC '08: Proceedings of the twenty-first international symposium
	on Symbolic and algebraic computation},
  year = {2008},
  pages = {103--110},
  address = {New York, NY, USA},
  publisher = {ACM},
  doi = {10.1145/1390768.1390785},
  location = {Linz/Hagenberg, Austria},
}

@ARTICLE{GR10,
  author = {Giesbrecht, Mark and Roche, Daniel S.},
  title = {Interpolation of Shifted-Lacunary Polynomials},
  journal = {Computational Complexity},
  year = {2010},
  volume = {19},
  pages = {333--354},
  affiliation = {School of Computer Science, University of Waterloo, Waterloo, ON N2L
	3G1, Canada},
  doi = {10.1007/s00037-010-0294-0},
  issue = {3},
  keyword = {Computer Science},
  publisher = {Birkh√§user Basel},
}

@ARTICLE{GR11,
  author = {Mark Giesbrecht and Daniel S. Roche},
  title = {Detecting lacunary perfect powers and computing their roots},
  journal = {Journal of Symbolic Computation},
  year = {2011},
  volume = {46},
  pages = {1242--1259},
  number = {11},
  doi = {10.1016/j.jsc.2011.08.006},
}

@INPROCEEDINGS{GR11a,
  author = {Giesbrecht, Mark and Roche, Daniel S.},
  title = {Diversification improves interpolation},
  booktitle = {Proceedings of the 36th international symposium on Symbolic and algebraic
	computation},
  year = {2011},
  series = {ISSAC '11},
  pages = {123--130},
  address = {New York, NY, USA},
  publisher = {ACM},
  doi = {10.1145/1993886.1993909},
  location = {San Jose, California, USA},
  numpages = {8},
}

@INPROCEEDINGS{GRT10,
  author = {Giesbrecht, Mark and Roche, Daniel S. and Tilak, Hrushikesh},
  title = {Computing Sparse Multiples of Polynomials},
  booktitle = {Algorithms and Computation},
  year = {2010},
  editor = {Cheong, Otfried and Chwa, Kyung-Yong and Park, Kunsoo},
  volume = {6506},
  series = {Lecture Notes in Computer Science},
  pages = {266--278},
  publisher = {Springer Berlin / Heidelberg},
  doi = {10.1007/978-3-642-17517-6_25},
}

@ARTICLE{GRT12,
  author = {Giesbrecht, Mark and Roche, Daniel S. and Tilak, Hrushikesh},
  title = {Computing Sparse Multiples of Polynomials},
  journal = {Algorithmica},
  year = {2012},
  volume = {64},
  pages = {454-480},
  doi = {10.1007/s00453-012-9652-4},
  issue = {3},
  publisher = {Springer New York},
}

@INPROCEEDINGS{HR10,
  author = {Harvey, David and Roche, Daniel S.},
  title = {An in-place truncated {F}ourier transform and applications to polynomial
	multiplication},
  booktitle = {ISSAC '10: Proceedings of the 2010 International Symposium on Symbolic
	and Algebraic Computation},
  year = {2010},
  pages = {325--329},
  address = {New York, NY, USA},
  publisher = {ACM},
  doi = {10.1145/1837934.1837996},
  location = {Munich, Germany},
}

@INCOLLECTION{AGR13,
  author = {Andrew Arnold and Mark Giesbrecht and Daniel S. Roche},
  title = {Faster sparse interpolation of straight-line programs},
  booktitle = {Proc. Computer Algebra in Scientific Computing (CASC 2013)},
  publisher = {Springer},
  year = {2013},
  editor = {Gerdt, Vladimir P. and Koepf, Wolfram and Mayr, Ernst W. and Vorozhtsov,
	Evgenii V.},
  volume = {8136},
  series = {Lecture Notes in Computer Science},
  pages = {61--74},
  month = {September},
  doi = {10.1007/978-3-319-02297-0_5},
}

@INPROCEEDINGS{AGR14,
  author = {Arnold, Andrew and Giesbrecht, Mark and Roche, Daniel S.},
  title = {Sparse interpolation over finite fields via low-order roots of unity},
  booktitle = {Proceedings of the 39th International Symposium on Symbolic and Algebraic
	Computation},
  year = {2014},
  series = {ISSAC '14},
  pages = {27--34},
  address = {New York, NY, USA},
  publisher = {ACM},
  doi = {10.1145/2608628.2608671},
}

@INPROCEEDINGS{AR14,
  author = {Arnold, Andrew and Roche, Daniel S.},
  title = {Multivariate Sparse Interpolation Using Randomized {K}ronecker Substitutions},
  booktitle = {Proceedings of the 39th International Symposium on Symbolic and Algebraic
	Computation},
  year = {2014},
  series = {ISSAC '14},
  pages = {35--42},
  address = {New York, NY, USA},
  publisher = {ACM},
  doi = {10.1145/2608628.2608674},
  location = {Kobe, Japan},
  numpages = {8},
}

@INPROCEEDINGS{KRT15,
  author = {Khochtali, Mohamed and Roche, Daniel S. and Tian, Xisen},
  title = {Parallel Sparse Interpolation Using Small Primes},
  booktitle = {Proceedings of the 2015 International Workshop on Parallel Symbolic
	Computation},
  year = {2015},
  series = {{PASCO} '15},
  pages = {70--77},
  address = {New York, NY, USA},
  publisher = {ACM},
  doi = {10.1145/2790282.2790290},
  location = {Bath, United Kingdom},
  numpages = {8},
}

@ARTICLE{AGR15,
  author = {Andrew Arnold and Mark Giesbrecht and Daniel S. Roche},
  title = {Faster sparse multivariate polynomial interpolation of straight-line
	programs},
  journal = {Journal of Symbolic Computation},
  year = {2015},
  doi = {10.1016/j.jsc.2015.11.005},
  keywords = {Sparse interpolation. Complexity, Randomized algorithms, Straight-line
	program},
}

@article{GR16,
 author = {Groves, A. Whitman and Roche, Daniel S.},
 title = {Sparse Polynomials in FLINT},
 journal = {ACM Commun. Comput. Algebra},
 issue_date = {September 2016},
 volume = {50},
 number = {3},
 month = nov,
 year = {2016},
 pages = {105--108},
 numpages = {4},
 doi = {10.1145/3015306.3015314},
 publisher = {ACM},
 address = {New York, NY, USA},
} 

@inproceedings{ACMR17,
  author = "Adam J. Aviv and Seung Geol Choi and Travis Mayberry and Daniel S. Roche",
  title = "{ObliviSync}: {P}ractical Oblivious File Backup and Synchronization",
  booktitle = {NDSS 2016},
  month = feb,
  publisher = {The Internet Society},
  year = 2017,
  doi = {10.14722/ndss.2017.23188},
}
